%# -*- coding: utf-8-unix -*-

@inproceedings{agrawal2008design,
  title={Design Tradeoffs for SSD Performance.},
  author={Agrawal, Nitin and Prabhakaran, Vijayan and Wobber, Ted and Davis, John D and Manasse, Mark S and Panigrahy, Rina},
  booktitle={USENIX Annual Technical Conference},
  volume={8},
  pages={57--70},
  year={2008}
}

